<record><leader>00000cas a22000007a 4500</leader><controlfield tag="001">25142002</controlfield><controlfield tag="008">920121d18891892iauwr ne      0    0eng d</controlfield><datafield ind1=" " ind2=" " tag="010"><subfield code="a">sn 92056111 </subfield></datafield><datafield ind1=" " ind2=" " tag="040"><subfield code="a">INP</subfield><subfield code="b">eng</subfield><subfield code="c">INP</subfield><subfield code="d">OCLCQ</subfield></datafield><datafield ind1=" " ind2=" " tag="042"><subfield code="a">msc</subfield></datafield><datafield ind1="0" ind2=" " tag="130"><subfield code="a">Brooklyn times (Brooklyn, Iowa)</subfield></datafield><datafield ind1="1" ind2="4" tag="245"><subfield code="a">The Brooklyn times.</subfield></datafield><datafield ind1=" " ind2=" " tag="260"><subfield code="a">Brooklyn, Poweshiek County, IA :</subfield><subfield code="b">[s.n.]</subfield></datafield><datafield ind1=" " ind2=" " tag="300"><subfield code="a">v.</subfield></datafield><datafield ind1=" " ind2=" " tag="310"><subfield code="a">Weekly</subfield></datafield><datafield ind1=" " ind2=" " tag="588"><subfield code="a">Description based on: Vol. 1, no. 32 (Mar. 19, 1890).</subfield></datafield><datafield ind1=" " ind2=" " tag="752"><subfield code="a">United States</subfield><subfield code="b">Iowa</subfield><subfield code="c">Poweshiek</subfield><subfield code="d">Brooklyn.</subfield></datafield><datafield ind1="0" ind2="7" tag="785"><subfield code="t">Malcom leader (Malcom, Iowa : 1886)</subfield></datafield><datafield ind1="0" ind2="7" tag="785"><subfield code="t">Times leader (Malcom, Iowa)</subfield></datafield></record>